@book{matrix_theory_basic,
	title = {Finite Reflection Groups},
	isbn = {{978-0-387-96082-1}},
	publisher = {Springer-Verlag New York},
	author = {Grove, L.C. and Benson, C.T.},
	year = 1985,
	pages = "37--43"
}